@inproceedings{Thom:2012:RGE:2145204.2145362,
 author = {Thom, Jennifer and Millen, David and DiMicco, Joan},
 title = {Removing gamification from an enterprise SNS},
 booktitle = {Proceedings of the ACM 2012 conference on Computer Supported Cooperative Work},
 series = {CSCW '12},
 year = {2012},
 isbn = {978-1-4503-1086-4},
 location = {Seattle, Washington, USA},
 pages = {1067--1070},
 numpages = {4},
 url = {http://doi.acm.org/10.1145/2145204.2145362},
 doi = {10.1145/2145204.2145362},
 acmid = {2145362},
 publisher = {ACM},
 address = {New York, NY, USA},
 keywords = {gamification, organizational social networking},
} 

@inproceedings{Deterding:2011:GUG:1979742.1979575,
 author = {Deterding, Sebastian and Sicart, Miguel and Nacke, Lennart and O'Hara, Kenton and Dixon, Dan},
 title = {Gamification. using game-design elements in non-gaming contexts},
 booktitle = {CHI '11 Extended Abstracts on Human Factors in Computing Systems},
 series = {CHI EA '11},
 year = {2011},
 isbn = {978-1-4503-0268-5},
 location = {Vancouver, BC, Canada},
 pages = {2425--2428},
 numpages = {4},
 url = {http://doi.acm.org/10.1145/1979742.1979575},
 doi = {10.1145/1979742.1979575},
 acmid = {1979575},
 publisher = {ACM},
 address = {New York, NY, USA},
 keywords = {design patterns, funology, game design, games with a purpose, gamification, motivational affordances, persuasive technology},
}

@misc{therebedragons,
  title={There be dragons: Ten potential pitfalls of gamification},
  author={Deterding, Sebastian},
  year={2011}
}
@article{browningattheedges,
  title={Foursquare May Not Be Toast Yet, But It's Browning At the Edges},
  author={Carlson, Nicholas},
  url={http://www.businessinsider.com/foursquare-may-not-be-toast-yet-but-its-browning-at-the-edges-2012-4},
  journal={Business Insider},
  year={2012}
}
@article{johnson2005modeling,
  title={Modeling sources of self-report bias in a survey of drug use epidemiology},
  author={Johnson, Timothy and Fendrich, Michael},
  journal={Annals of epidemiology},
  volume={15},
  number={5},
  pages={381--389},
  year={2005},
  publisher={Elsevier}
}
@article{elgar2005validity,
  title={Validity of self-reported height and weight and predictors of bias in adolescents},
  author={Elgar, Frank J and Roberts, Chris and Tudor-Smith, Chris and Moore, Laurence},
  journal={Journal of Adolescent Health},
  volume={37},
  number={5},
  pages={371--375},
  year={2005},
  publisher={Elsevier}
}
@article{hunt2003self,
  title={Self-report bias and underreporting of depression on the BDI-II},
  author={Hunt, Melissa and Auriemma, Joseph and Cashaw, Ashara CA},
  journal={Journal of Personality Assessment},
  volume={80},
  number={1},
  pages={26--30},
  year={2003},
  publisher={Taylor \& Francis}
}
@book{aronson2003readings,
  title={Readings about the social animal},
  author={Aronson, Elliot},
  year={2003},
  publisher={Worth Publishers}
}
@article{gilovich1983biased,
  title={Biased evaluation and persistence in gambling.},
  author={Gilovich, Thomas},
  journal={Journal of personality and social psychology},
  volume={44},
  number={6},
  pages={1110},
  year={1983},
  publisher={American Psychological Association}
}
@article{placeboeffect,
  title={The placebo effect in alternative medicine: can the performance of a healing ritual have clinical significance?},
  author={Kaptchuk, Ted J and others},
  journal={Annals of internal medicine},
  volume={136},
  number={11},
  pages={817},
  year={2002}
}
@article{confirmationbias,
  title={Confirmation bias: A ubiquitous phenomenon in many guises.},
  author={Nickerson, Raymond S},
  journal={Review of General Psychology; Review of General Psychology},
  volume={2},
  number={2},
  pages={175},
  year={1998},
  publisher={Educational Publishing Foundation}
}
@inproceedings{answergarden,
  title={Answer Garden 2: merging organizational memory with collaborative help},
  author={Ackerman, Mark S and McDonald, David W},
  booktitle={Proceedings of the 1996 ACM conference on Computer supported cooperative work},
  pages={97--105},
  year={1996},
  organization={ACM}
}
@article{knowledgearchive,
  title={Participating in communities of practice},
  author={Bandy, Margaret and Condon, Joyce and Graves, Ellen},
  journal={Medical Reference Services Quarterly},
  volume={27},
  number={4},
  pages={441--449},
  year={2008},
  publisher={Taylor \& Francis}
}
@article{chapman1969illusory,
  title={Illusory correlation as an obstacle to the use of valid psychodiagnostic signs.},
  author={Chapman, Loren J and Chapman, Jean P},
  journal={Journal of abnormal psychology},
  volume={74},
  number={3},
  pages={271},
  year={1969},
  publisher={American Psychological Association}
}
@article{hendler2010semantic,
  title={From the Semantic Web to social machines: A research challenge for AI on the World Wide Web},
  author={Hendler, Jim and Berners-Lee, Tim},
  journal={Artificial Intelligence},
  volume={174},
  number={2},
  pages={156--161},
  year={2010},
  publisher={Elsevier}
}
@book{thaler2008nudge,
  title={Nudge: Improving decisions about health, wealth, and happiness},
  author={Thaler, Richard H and Sunstein, Cass R},
  year={2008},
  publisher={Yale University Press}
}