@article{obamakieron,
author = {O'Hara, Kieron},
title = {{Social Machine Politics Are Here to Stay}},
journal = {{IEEE Internet Computing}},
year = {2013},
month = {March/April},
volume = {17},
number = {2},
}

@article{maslow,
  title={A theory of human motivation.},
  author={Maslow, Abraham Harold},
  journal={Psychological review},
  volume={50},
  number={4},
  pages={370},
  year={1943},
  publisher={American Psychological Association}
}

@inproceedings{ipeirotis2010quality,
  title={Quality management on amazon mechanical turk},
  author={Ipeirotis, Panagiotis G and Provost, Foster and Wang, Jing},
  booktitle={Proceedings of the ACM SIGKDD workshop on human computation},
  pages={64--67},
  year={2010},
  organization={ACM}
}

@article{harnad2001self,
  title={{The Self-Archiving Initiative}},
  author={Harnad, Stevan},
  journal={Nature},
  pages={1024--1025},
  volume={410},
  year={2001}
}

@article{eprints,
  title={{Open citation linking: The way forward}},
  author={Hitchcock, Steve and Brody, Tim and Gutteridge, Christopher and Carr, Les and Hall, Wendy and Harnad, Stevan and Bergmark, Donna and Lagoze, Carl},
  journal={D-Lib Magazine},
  volume={8},
  number={10},
  year={2002}
}

@article{dspace,
  title={{DSpace: An open source dynamic digital repository}},
  author={Smith, MacKenzie and Barton, Mary and Bass, Mick and Branschofsky, Margret and McClellan, Greg and Stuve, Dave and Tansley, Robert and Walker, Julie Harford},
  year={2003},
  journal={D-Lib Magazine},
  volume={9},
  number={1},
}

@article{meier2008crisis,
  title={{Crisis Mapping Kenyaâ€™s Election Violence: Comparing Mainstream News, Citizen Journalism and Ushahidi}},
  author={Meier, Patrick and Brodock, Kate},
  journal={iRevolution Blog, October},
  volume={23},
  year={2008}
}

@article{morrow2011independent,
  title={{Independent evaluation of the Ushahidi Haiti project}},
  author={Morrow, Nathan and Mock, Nancy and Papendieck, Adam and Kocmich, Nicholas},
  journal={Development Information Systems International},
  volume={8},
  year={2011}
}

@article{greenpea,
Author = {Carolin N. Cardamone and Kevin Schawinski and Marc Sarzi and Steven P. Bamford and Nicola Bennert and C. M. Urry and Chris Lintott and William C. Keel and John Parejko and Robert C. Nichol and Daniel Thomas and Dan Andreescu and Phil Murray and M. Jordan Raddick and Anze Slosar and Alex Szalay and Jan VandenBerg},
Title = {{Galaxy Zoo Green Peas: Discovery of A Class of Compact Extremely Star-Forming Galaxies}},
  journal={Monthly Notices of the Royal Astronomical Society},
  volume={399},
  number={3},
  pages={1191--1205},
  year={2009},
}

@ARTICLE{digg, 
    author={Lerman, K.}, 
    journal={Internet Computing, IEEE}, title={Social Information Processing in News Aggregation}, 
    year={2007}, 
    month={nov.-dec. }, 
    volume={11}, 
    number={6}, 
    pages={16 -28}, 
    doi={10.1109/MIC.2007.136}, 
    ISSN={1089-7801}
}

@article{knowledgeelicitation,
       journal = {Evaluation of Human Work: Practical Ergonomics Methodology},
           title = {{Knowledge Elicitation}},
          author = {N. R. Shadbolt and A. M. Burton},
       publisher = {Taylor \& Francis},
            year = {1990},
             url = {http://eprints.soton.ac.uk/252363/}
}

@article{kelly,
    author = {Kelly, George A.},
    year = {1955},
    title = {{The Psychology Of Personal Constructs}},
    publisher= {{W.W. Norton & Company Inc., New York}},
}

@article{kuznetsov2006motivations,
  title={Motivations of contributors to Wikipedia},
  author={Kuznetsov, Stacey},
  journal={ACM SIGCAS computers and society},
  volume={36},
  number={2},
  pages={1},
  year={2006},
  publisher={ACM}
}

@article{lakhani2003hackers,
  title={Why hackers do what they do: Understanding motivation and effort in free/open source software projects},
  author={Lakhani, Karim and Wolf, Robert},
  year={2003},
  publisher={MIT Sloan Working Paper}
}

@ARTICLE{p2p, 
author={Feldman, M. and Papadimitriou, C. and Chuang, J. and Stoica, I.}, 
journal={Selected Areas in Communications, IEEE Journal on}, title={Free-riding and whitewashing in peer-to-peer systems}, 
year={2006}, 
month={may}, 
volume={24}, 
number={5}, 
pages={ 1010 - 1019}, 
keywords={Computer science;Costs;Degradation;Engineering profession;Environmental economics;Heart;Information management;Peer to peer computing;System performance; incentive schemes; peer-to-peer computing; free-riding; peer-to-peer system; whitewashing; Free-riding; incentives; peer-to-peer (P2P); whitewashing;}, 
doi={10.1109/JSAC.2006.872882}, 
ISSN={0733-8716},}

@inproceedings{tagging,
  title={Emerging motivations for tagging: Expression, performance, and activism},
  author={Zollers, Alla},
  booktitle={Workshop on Tagging and Metadata for Social Information Organization, held at the 16th International World Wide Web Conference},
  year={2007}
}

@article{ardichvili2003motivation,
  title={Motivation and barriers to participation in virtual knowledge-sharing communities of practice},
  author={Ardichvili, Alexander and Page, Vaughn and Wentling, Tim},
  journal={Journal of knowledge management},
  volume={7},
  number={1},
  pages={64--77},
  year={2003},
  publisher={MCB UP Ltd}
}
@book{kuhn1996structure,
  title={The structure of scientific revolutions},
  author={Kuhn, Thomas S},
  volume={2},
  year={1996},
  publisher={University of Chicago press}
}
@inproceedings{von2009human,
  title={Human computation},
  author={Von Ahn, Luis},
  booktitle={Design Automation Conference, 2009. DAC'09. 46th ACM/IEEE},
  pages={418--419},
  year={2009},
  organization={IEEE}
}
@article{howe2006crowdsourcing,
  title={Crowdsourcing: A definition},
  author={Howe, Jeff},
  journal={Crowdsourcing: Tracking the rise of the amateur},
  year={2006}
}
@book{chesbrough2008open,
  title={Open Innovation: Researching a New Paradigm: Researching a New Paradigm},
  author={Chesbrough, Henry and Vanhaverbeke, Wim and West, Joel},
  year={2008},
  publisher={OUP Oxford}
}
@article{parameswaran2007research,
  title={Research issues in social computing},
  author={Parameswaran, Manoj and Whinston, Andrew B},
  journal={Journal of the Association for Information Systems},
  volume={8},
  number={6},
  pages={336--350},
  year={2007},
  publisher={Channel View Publications}
}
@book{surowiecki2005wisdom,
  title={The wisdom of crowds},
  author={Surowiecki, James},
  year={2005},
  publisher={Anchor}
}
@inproceedings{quinn2011human,
  title={Human computation: a survey and taxonomy of a growing field},
  author={Quinn, Alexander J and Bederson, Benjamin B},
  booktitle={Proceedings of the 2011 annual conference on Human factors in computing systems},
  pages={1403--1412},
  year={2011},
  organization={ACM}
}
@article{grudin1994computer,
  title={Computer-supported cooperative work: History and focus},
  author={Grudin, Jonathan},
  journal={Computer},
  volume={27},
  number={5},
  pages={19--26},
  year={1994},
  publisher={IEEE}
}
@article{malone2009harnessing,
  title={Harnessing crowds: Mapping the genome of collective intelligence},
  author={Malone, Thomas and Laubacher, Robert and Dellarocas, Chrysanthos},
  year={2009},
  publisher={MIT Sloan Research Paper}
}
@inproceedings{Moore:2007:UMM:1235000.1235035,
 author = {Moore, Trevor D. and Serva, Mark A.},
 title = {Understanding member motivation for contributing to different types of virtual communities: a proposed framework},
 booktitle = {Proceedings of the 2007 ACM SIGMIS CPR conference on Computer personnel research: The global information technology workforce},
 series = {SIGMIS CPR '07},
 year = {2007},
 isbn = {978-1-59593-641-7},
 location = {St. Louis, Missouri, USA},
 pages = {153--158},
 numpages = {6},
 url = {http://doi.acm.org/10.1145/1235000.1235035},
 doi = {10.1145/1235000.1235035},
 acmid = {1235035},


}
